@misc{inthebeginning,
    author={Ron Wilson},
    title={In the Beginning},
    howpublished="\url{https://web.archive.org/web/20150527123501/https://www.altera.com/solutions/technology/system-design/articles/_2013/in-the-beginning.html}",
    year=2013
}

@book{reconfSiliconScott,
   title =     {Reconfigurable computing: the theory and practice of FPGA-based computation},
   author =    {Scott Hauck, Andre DeHon},
   publisher = {Morgan Kaufmann},
   isbn =      {0123705223,9780123705228,9780080556017},
   year =      {2008},
   series =    {Systems on Silicon}
}

@Book{kuon2008fpga,
  title={FPGA architecture: Survey and challenges},
  author={Kuon, Ian and Tessier, Russell and Rose, Jonathan},
  year={2008},
  publisher={Now Publishers Inc}
}

@ARTICLE{fpgamultiplication,
    author={Liu, Weiqiang and Fan, Sailong and Khalid, Ayesha and Rafferty, Ciara and O’Neill, Máire},
    journal={IEEE Transactions on Very Large Scale Integration (VLSI) Systems},
    title={Optimized Schoolbook Polynomial Multiplication for Compact Lattice-Based Cryptography on FPGA},
    year={2019},
    volume={27},
    number={10},
    pages={2459-2463},
    doi={10.1109/TVLSI.2019.2922999}
}

@book{MorrisManoDigitalDesign,
    title = "Digital Design",
    title_sort = "Digital Design",
    author_sort = "Mano, M. Morris \& Ciletti, Michael D.",
    author = "M. Morris Mano and Michael D. Ciletti",
    note = "Digital Design, fifth edition is a modern update of the classic authoritative text on digital design. This book teaches the basic concepts of digital design in a clear, accessible manner. The book presents the basic tools for the design of digital circuits and provides procedures suitable for a variety of digital applications.
",
    cover = "/home/viho/Calibre Library/M. Morris Mano/Digital Design (12)/cover.jpg",
    formats = "pdf",
    calibreid = "12",
    isbn = "978-01-3277-420-8",
    library_name = "Calibre Library",
    year = "2013",
    month = "Jan",
    publisher = "Pearson Prentice Hall",
    volume = "1",
    size = "3135536 octets",
    tags = "Computers, Computer Engineering",
    timestamp = "2022-01-30",
    uuid = "dfc5723d-ad98-47d3-a4b7-fb778884f116",
    languages = "eng",
    identifiers = "isbn:9780132774208,google:IttPYAAACAAJ"
}

@INPROCEEDINGS{KhanFPGAhardwareEmulator,

  author={Khan, U.R. and Owen, H.L. and Hughes, J.L.A.},

  booktitle={Sixth Annual IEEE International ASIC Conference and Exhibit},

  title={FPGA architectures for ASIC hardware emulators},

  year={1993},

  volume={},

  number={},

  pages={336-340},

  doi={10.1109/ASIC.1993.410733}
}





@ARTICLE{polynomialmultiplication,

  author={Kundi, Dur-e-Shahwar and Zhang, Yuqing and Wang, Chenghua and Khalid, Ayesha and O'Neill, Maire and Liu, Weiqiang},

  journal={IEEE Transactions on Emerging Topics in Computing},

  title={Ultra High-Speed Polynomial Multiplications for Lattice-based Cryptography on FPGAs},

  year={2022},

  volume={},

  number={},

  pages={1-1},

  doi={10.1109/TETC.2022.3144101}
}


@misc{icestorm,
    author={Claire Wolf},
    howpublished={"\url{http://bygone.clairexen.net/icestorm/}"}
}

@misc{projecttrellis,
    howpublished={"\url{https://github.com/SymbiFlow/prjtrellis}"}
}

@misc{projectxray,
    howpublished={"\url{https://github.com/SymbiFlow/prjxray"}}
}

@ARTICLE{rolesofFPGA,

  author={Hauck, S.},

  journal={Proceedings of the IEEE},

  title={The roles of FPGAs in reprogrammable systems},

  year={1998},

  volume={86},

  number={4},

  pages={615-638},

  doi={10.1109/5.663540}
}

@article{fpgaradiation,
  title={Radiation effects in FPGAs},
  author={Wang, JJ},
  year={2003},
  publisher={CERN}
}

@article{hardwarecarvision,
title = {Optimized Hardware Vision System for Vehicle Detection based on FPGA and Combining Machine Learning and PSO},
journal = {Microprocessors and Microsystems},
volume = {90},
pages = {104469},
year = {2022},
issn = {0141-9331},
doi = {https://doi.org/10.1016/j.micpro.2022.104469},
url = {https://www.sciencedirect.com/science/article/pii/S0141933122000370},
author = {Fayçal Hamdaoui and Sana bougharriou and Abdellatif MTIBAA},
keywords = {Real-time VH-ADAS, Machine learning, Particle swarm optimization, Vivado system generator}
}

@INPROCEEDINGS{mafia,

  author={Ghanathe, Nikhil P and Seshadri, Vivek and Sharma, Rahul and Wilton, Steve and Kumar, Aayan},

  booktitle={2021 31st International Conference on Field-Programmable Logic and Applications (FPL)},

  title={MAFIA: Machine Learning Acceleration on FPGAs for IoT Applications},

  year={2021},

  volume={},

  number={},

  pages={347-354},

  doi={10.1109/FPL53798.2021.00067}}

@misc{riscvhistory,
    howpublished="\url{https://riscv.org/about/history/}"
}

@ARTICLE{riscvscisc,

  author={Jamil, T.},

  journal={IEEE Potentials},

  title={RISC versus CISC},

  year={1995},

  volume={14},

  number={3},

  pages={13-16},

  doi={10.1109/45.464688}}

@ARTICLE{riscvextending,

  author={Belhadj Amor, Hela and Bernier, Carolynn and Prikryl, Zdenek},

  journal={IEEE Transactions on Computers},

  title={A RISC-V ISA Extension for Ultra-Low Power IoT Wireless Signal Processing},

  year={2021},

  volume={},

  number={},

  pages={1-1},

  doi={10.1109/TC.2021.3063027}}


@INPROCEEDINGS{riscvmlextension,

  author={Garofalo, Angelo and Tagliavini, Giuseppe and Conti, Francesco and Rossi, Davide and Benini, Luca},

  booktitle={2020 Design, Automation   Test in Europe Conference   Exhibition (DATE)},

  title={XpulpNN: Accelerating Quantized Neural Networks on RISC-V Processors Through ISA Extensions},

  year={2020},

  volume={},

  number={},

  pages={186-191},

  doi={10.23919/DATE48585.2020.9116529}}

