
@article{tommiska_fpga_nodate,
	title = {{FPGA} based security solutions},
	author = {Tommiska, Matti and Jervis, Mark and Wachswender, Karl},
}

@INPROCEEDINGS{FPGA_post_quantum,

  author={Agrawal, Rashmi and Bu, Lake and Ehret, Alan and Kinsy, Michel},

  booktitle={2019 29th International Conference on Field Programmable Logic and Applications (FPL)},

  title={Open-Source FPGA Implementation of Post-Quantum Cryptographic Hardware Primitives},

  year={2019},

  volume={},

  number={},

  pages={211-217},

  doi={10.1109/FPL.2019.00040}}

@article{regev05,
    author = {Aharonov, Dorit and Regev, Oded},
    title = {Lattice Problems in NP {$\cap$} CoNP},
    year = {2005},
    issue_date = {September 2005},
    publisher = {Association for Computing Machinery},
    address = {New York, NY, USA},
    volume = {52},
    number = {5},
    issn = {0004-5411},
    url = {https://doi.org/10.1145/1089023.1089025},
    doi = {10.1145/1089023.1089025},
    journal = {J. ACM},
    month = {sep},
    pages = {749â€“765},
    numpages = {17},
    keywords = {approximation, Fourier series, Algorithms, lattices}
}


