@book{m_d_mano_digital_2012,
    edition = {5th edition},
    title = {Digital Design},
    isbn = {978-81-317-9474-6},
    publisher = {Pearson India},
    author = {M. D. Mano, Morris M.},
    date = {2012-01-01},
}

@collection{amano_principles_2018,
    location = {New York, {NY}},
    edition = {1st ed. 2018 edition},
    title = {Principles and Structures of {FPGAs}},
    isbn = {9789811308239},
    pagetotal = {240},
    publisher = {Springer},
    editor = {Amano, Hideharu},
    date = {2018-09-13},
}
