@book{m_d_mano_digital_2012,
	edition = {5th edition},
	title = {Digital Design},
	isbn = {978-81-317-9474-6},
	publisher = {Pearson India},
	author = {M. D. Mano, Morris M.},
	date = {2012-01-01},
}
